%YAML 1.1
%TAG !u! tag:unity3d.com,2011:
--- !u!1 &6243098231911486677
GameObject:
  m_ObjectHideFlags: 0
  m_CorrespondingSourceObject: {fileID: 0}
  m_PrefabInstance: {fileID: 0}
  m_PrefabAsset: {fileID: 0}
  serializedVersion: 6
  m_Component:
  - component: {fileID: 6243098231911486760}
  - component: {fileID: 6243098231911486679}
  - component: {fileID: 6243098231911486762}
  - component: {fileID: 6243098231911486761}
  m_Layer: 0
  m_Name: ObjectManipulator
  m_TagString: Untagged
  m_Icon: {fileID: 0}
  m_NavMeshLayer: 0
  m_StaticEditorFlags: 0
  m_IsActive: 1
--- !u!4 &6243098231911486760
Transform:
  m_ObjectHideFlags: 0
  m_CorrespondingSourceObject: {fileID: 0}
  m_PrefabInstance: {fileID: 0}
  m_PrefabAsset: {fileID: 0}
  m_GameObject: {fileID: 6243098231911486677}
  m_LocalRotation: {x: 0, y: 0, z: 0, w: 1}
  m_LocalPosition: {x: 0, y: 0, z: 0}
  m_LocalScale: {x: 1, y: 1, z: 1}
  m_Children:
  - {fileID: 6243098233064005559}
  - {fileID: 6243098231773475267}
  - {fileID: 6243098231694860780}
  - {fileID: 6387422084145866489}
  m_Father: {fileID: 0}
  m_RootOrder: 0
  m_LocalEulerAnglesHint: {x: 0, y: 0, z: 0}
--- !u!114 &6243098231911486679
MonoBehaviour:
  m_ObjectHideFlags: 0
  m_CorrespondingSourceObject: {fileID: 0}
  m_PrefabInstance: {fileID: 0}
  m_PrefabAsset: {fileID: 0}
  m_GameObject: {fileID: 6243098231911486677}
  m_Enabled: 1
  m_EditorHideFlags: 0
  m_Script: {fileID: 11500000, guid: 4768146f072b50149a922df192dfb58f, type: 3}
  m_Name: 
  m_EditorClassIdentifier: 
  States:
  - {fileID: 6243098231911486762}
  - {fileID: 6243098231911486761}
  - {fileID: 6243098233064005558}
  - {fileID: 6243098231773475266}
  - {fileID: 6243098231694860779}
  manipulationMode: 0
  manipulationSpace: 1
  dummyPositionSetting: 0
  rotateHandleMaterial: {fileID: 2100000, guid: 4a9072a0d8623aa44abf31f02d209a09,
    type: 2}
  rotateAroundPivot: 0
  rotationType: 0
  scaleHandleMaterial: {fileID: 2100000, guid: 4a9072a0d8623aa44abf31f02d209a09, type: 2}
  scaleRate: 40
  maxScale: 2
  interactingMaterial: {fileID: 2100000, guid: b614a09bc429623478e946d8170b15ae, type: 2}
  boundingBoxPrefab: {fileID: 114030465538688920, guid: 865a8ded6c47efd4285f04f3aebe99e9,
    type: 3}
  boxInstance: {fileID: 0}
  objectToBound: {fileID: 0}
  PositionRig: {fileID: 6243098233064005558}
  RotationRig: {fileID: 6243098231773475266}
  ScaleRig: {fileID: 6243098231694860779}
  appBarInstance: {fileID: 6427092102801285488}
  appBarHoverOffsetZ: 0.05
--- !u!114 &6243098231911486762
MonoBehaviour:
  m_ObjectHideFlags: 0
  m_CorrespondingSourceObject: {fileID: 0}
  m_PrefabInstance: {fileID: 0}
  m_PrefabAsset: {fileID: 0}
  m_GameObject: {fileID: 6243098231911486677}
  m_Enabled: 1
  m_EditorHideFlags: 0
  m_Script: {fileID: 11500000, guid: a8cf185d496042b4fb5c61b799ee5ff7, type: 3}
  m_Name: 
  m_EditorClassIdentifier: 
--- !u!114 &6243098231911486761
MonoBehaviour:
  m_ObjectHideFlags: 0
  m_CorrespondingSourceObject: {fileID: 0}
  m_PrefabInstance: {fileID: 0}
  m_PrefabAsset: {fileID: 0}
  m_GameObject: {fileID: 6243098231911486677}
  m_Enabled: 1
  m_EditorHideFlags: 0
  m_Script: {fileID: 11500000, guid: 4c78a6e933e341848a73b368c829b74a, type: 3}
  m_Name: 
  m_EditorClassIdentifier: 
--- !u!222 &1263363007820074188
CanvasRenderer:
  m_ObjectHideFlags: 0
  m_CorrespondingSourceObject: {fileID: 0}
  m_PrefabInstance: {fileID: 0}
  m_PrefabAsset: {fileID: 0}
  m_GameObject: {fileID: 6386188865676447526}
  m_CullTransparentMesh: 0
--- !u!114 &2057754268759307415
MonoBehaviour:
  m_ObjectHideFlags: 0
  m_CorrespondingSourceObject: {fileID: 0}
  m_PrefabInstance: {fileID: 0}
  m_PrefabAsset: {fileID: 0}
  m_GameObject: {fileID: 6386188865676447526}
  m_Enabled: 1
  m_EditorHideFlags: 0
  m_Script: {fileID: -765806418, guid: f70555f144d8491a825f0804e09c671c, type: 3}
  m_Name: 
  m_EditorClassIdentifier: 
  m_Material: {fileID: 0}
  m_Color: {r: 0.4811321, g: 0.4811321, b: 0.4811321, a: 1}
  m_RaycastTarget: 1
  m_OnCullStateChanged:
    m_PersistentCalls:
      m_Calls: []
    m_TypeName: UnityEngine.UI.MaskableGraphic+CullStateChangedEvent, UnityEngine.UI,
      Version=1.0.0.0, Culture=neutral, PublicKeyToken=null
  m_Sprite: {fileID: 0}
  m_Type: 0
  m_PreserveAspect: 0
  m_FillCenter: 1
  m_FillMethod: 4
  m_FillAmount: 1
  m_FillClockwise: 1
  m_FillOrigin: 0
  m_UseSpriteMesh: 0
--- !u!114 &6098420388378056868
MonoBehaviour:
  m_ObjectHideFlags: 0
  m_CorrespondingSourceObject: {fileID: 0}
  m_PrefabInstance: {fileID: 0}
  m_PrefabAsset: {fileID: 0}
  m_GameObject: {fileID: 6386188865676447526}
  m_Enabled: 1
  m_EditorHideFlags: 0
  m_Script: {fileID: 1741964061, guid: f70555f144d8491a825f0804e09c671c, type: 3}
  m_Name: 
  m_EditorClassIdentifier: 
  m_HorizontalFit: 2
  m_VerticalFit: 2
--- !u!1001 &2870419978986816891
PrefabInstance:
  m_ObjectHideFlags: 0
  serializedVersion: 2
  m_Modification:
    m_TransformParent: {fileID: 6243098231911486760}
    m_Modifications:
    - target: {fileID: 8175782650721318074, guid: 661f2863d1c517c41b515b847d4767e0,
        type: 3}
      propertyPath: m_Name
      value: RotationRig
      objectReference: {fileID: 0}
    - target: {fileID: 8175782650721318072, guid: 661f2863d1c517c41b515b847d4767e0,
        type: 3}
      propertyPath: m_LocalPosition.x
      value: 0
      objectReference: {fileID: 0}
    - target: {fileID: 8175782650721318072, guid: 661f2863d1c517c41b515b847d4767e0,
        type: 3}
      propertyPath: m_LocalPosition.y
      value: 0
      objectReference: {fileID: 0}
    - target: {fileID: 8175782650721318072, guid: 661f2863d1c517c41b515b847d4767e0,
        type: 3}
      propertyPath: m_LocalPosition.z
      value: 0
      objectReference: {fileID: 0}
    - target: {fileID: 8175782650721318072, guid: 661f2863d1c517c41b515b847d4767e0,
        type: 3}
      propertyPath: m_LocalRotation.x
      value: 0
      objectReference: {fileID: 0}
    - target: {fileID: 8175782650721318072, guid: 661f2863d1c517c41b515b847d4767e0,
        type: 3}
      propertyPath: m_LocalRotation.y
      value: 0
      objectReference: {fileID: 0}
    - target: {fileID: 8175782650721318072, guid: 661f2863d1c517c41b515b847d4767e0,
        type: 3}
      propertyPath: m_LocalRotation.z
      value: 0
      objectReference: {fileID: 0}
    - target: {fileID: 8175782650721318072, guid: 661f2863d1c517c41b515b847d4767e0,
        type: 3}
      propertyPath: m_LocalRotation.w
      value: 1
      objectReference: {fileID: 0}
    - target: {fileID: 8175782650721318072, guid: 661f2863d1c517c41b515b847d4767e0,
        type: 3}
      propertyPath: m_RootOrder
      value: 1
      objectReference: {fileID: 0}
    - target: {fileID: 8175782650721318072, guid: 661f2863d1c517c41b515b847d4767e0,
        type: 3}
      propertyPath: m_LocalEulerAnglesHint.x
      value: 0
      objectReference: {fileID: 0}
    - target: {fileID: 8175782650721318072, guid: 661f2863d1c517c41b515b847d4767e0,
        type: 3}
      propertyPath: m_LocalEulerAnglesHint.y
      value: 0
      objectReference: {fileID: 0}
    - target: {fileID: 8175782650721318072, guid: 661f2863d1c517c41b515b847d4767e0,
        type: 3}
      propertyPath: m_LocalEulerAnglesHint.z
      value: 0
      objectReference: {fileID: 0}
    m_RemovedComponents: []
  m_SourcePrefab: {fileID: 100100000, guid: 661f2863d1c517c41b515b847d4767e0, type: 3}
--- !u!4 &6243098231773475267 stripped
Transform:
  m_CorrespondingSourceObject: {fileID: 8175782650721318072, guid: 661f2863d1c517c41b515b847d4767e0,
    type: 3}
  m_PrefabInstance: {fileID: 2870419978986816891}
  m_PrefabAsset: {fileID: 0}
--- !u!114 &6243098231773475266 stripped
MonoBehaviour:
  m_CorrespondingSourceObject: {fileID: 8175782650721318073, guid: 661f2863d1c517c41b515b847d4767e0,
    type: 3}
  m_PrefabInstance: {fileID: 2870419978986816891}
  m_PrefabAsset: {fileID: 0}
  m_GameObject: {fileID: 0}
  m_Enabled: 1
  m_EditorHideFlags: 0
  m_Script: {fileID: 11500000, guid: f5f7f3b7a723bfc42a084fe157aa412a, type: 3}
  m_Name: 
  m_EditorClassIdentifier: 
--- !u!1001 &6387422084326902276
PrefabInstance:
  m_ObjectHideFlags: 0
  serializedVersion: 2
  m_Modification:
    m_TransformParent: {fileID: 6243098231911486760}
    m_Modifications:
    - target: {fileID: 1275815092924048, guid: aa610ada334bff640a535f0d23a9a15c, type: 3}
      propertyPath: m_Name
      value: AppBar
      objectReference: {fileID: 0}
    - target: {fileID: 221621501, guid: aa610ada334bff640a535f0d23a9a15c, type: 3}
      propertyPath: m_LocalPosition.x
      value: 0
      objectReference: {fileID: 0}
    - target: {fileID: 221621501, guid: aa610ada334bff640a535f0d23a9a15c, type: 3}
      propertyPath: m_LocalPosition.y
      value: 0
      objectReference: {fileID: 0}
    - target: {fileID: 221621501, guid: aa610ada334bff640a535f0d23a9a15c, type: 3}
      propertyPath: m_LocalPosition.z
      value: 0
      objectReference: {fileID: 0}
    - target: {fileID: 221621501, guid: aa610ada334bff640a535f0d23a9a15c, type: 3}
      propertyPath: m_LocalRotation.x
      value: -0
      objectReference: {fileID: 0}
    - target: {fileID: 221621501, guid: aa610ada334bff640a535f0d23a9a15c, type: 3}
      propertyPath: m_LocalRotation.y
      value: -0
      objectReference: {fileID: 0}
    - target: {fileID: 221621501, guid: aa610ada334bff640a535f0d23a9a15c, type: 3}
      propertyPath: m_LocalRotation.z
      value: -0
      objectReference: {fileID: 0}
    - target: {fileID: 221621501, guid: aa610ada334bff640a535f0d23a9a15c, type: 3}
      propertyPath: m_LocalRotation.w
      value: 1
      objectReference: {fileID: 0}
    - target: {fileID: 221621501, guid: aa610ada334bff640a535f0d23a9a15c, type: 3}
      propertyPath: m_RootOrder
      value: 3
      objectReference: {fileID: 0}
    - target: {fileID: 221621501, guid: aa610ada334bff640a535f0d23a9a15c, type: 3}
      propertyPath: m_LocalEulerAnglesHint.x
      value: 0
      objectReference: {fileID: 0}
    - target: {fileID: 221621501, guid: aa610ada334bff640a535f0d23a9a15c, type: 3}
      propertyPath: m_LocalEulerAnglesHint.y
      value: 0
      objectReference: {fileID: 0}
    - target: {fileID: 221621501, guid: aa610ada334bff640a535f0d23a9a15c, type: 3}
      propertyPath: m_LocalEulerAnglesHint.z
      value: 0
      objectReference: {fileID: 0}
    - target: {fileID: 221621501, guid: aa610ada334bff640a535f0d23a9a15c, type: 3}
      propertyPath: m_AnchoredPosition.x
      value: 0
      objectReference: {fileID: 0}
    - target: {fileID: 221621501, guid: aa610ada334bff640a535f0d23a9a15c, type: 3}
      propertyPath: m_AnchoredPosition.y
      value: 0
      objectReference: {fileID: 0}
    - target: {fileID: 221621501, guid: aa610ada334bff640a535f0d23a9a15c, type: 3}
      propertyPath: m_SizeDelta.x
      value: 100
      objectReference: {fileID: 0}
    - target: {fileID: 221621501, guid: aa610ada334bff640a535f0d23a9a15c, type: 3}
      propertyPath: m_SizeDelta.y
      value: 100
      objectReference: {fileID: 0}
    - target: {fileID: 221621501, guid: aa610ada334bff640a535f0d23a9a15c, type: 3}
      propertyPath: m_AnchorMin.x
      value: 0.5
      objectReference: {fileID: 0}
    - target: {fileID: 221621501, guid: aa610ada334bff640a535f0d23a9a15c, type: 3}
      propertyPath: m_AnchorMin.y
      value: 0.5
      objectReference: {fileID: 0}
    - target: {fileID: 221621501, guid: aa610ada334bff640a535f0d23a9a15c, type: 3}
      propertyPath: m_AnchorMax.x
      value: 0.5
      objectReference: {fileID: 0}
    - target: {fileID: 221621501, guid: aa610ada334bff640a535f0d23a9a15c, type: 3}
      propertyPath: m_AnchorMax.y
      value: 0.5
      objectReference: {fileID: 0}
    - target: {fileID: 221621501, guid: aa610ada334bff640a535f0d23a9a15c, type: 3}
      propertyPath: m_Pivot.x
      value: 0.5
      objectReference: {fileID: 0}
    - target: {fileID: 221621501, guid: aa610ada334bff640a535f0d23a9a15c, type: 3}
      propertyPath: m_Pivot.y
      value: 0.5
      objectReference: {fileID: 0}
    - target: {fileID: 7170192936754151409, guid: aa610ada334bff640a535f0d23a9a15c,
        type: 3}
      propertyPath: m_SizeDelta.x
      value: 0
      objectReference: {fileID: 0}
    m_RemovedComponents: []
  m_SourcePrefab: {fileID: 100100000, guid: aa610ada334bff640a535f0d23a9a15c, type: 3}
--- !u!224 &6387422084145866489 stripped
RectTransform:
  m_CorrespondingSourceObject: {fileID: 221621501, guid: aa610ada334bff640a535f0d23a9a15c,
    type: 3}
  m_PrefabInstance: {fileID: 6387422084326902276}
  m_PrefabAsset: {fileID: 0}
--- !u!114 &6427092102801285488 stripped
MonoBehaviour:
  m_CorrespondingSourceObject: {fileID: 114050950401502068, guid: aa610ada334bff640a535f0d23a9a15c,
    type: 3}
  m_PrefabInstance: {fileID: 6387422084326902276}
  m_PrefabAsset: {fileID: 0}
  m_GameObject: {fileID: 0}
  m_Enabled: 1
  m_EditorHideFlags: 0
  m_Script: {fileID: 11500000, guid: 80c870726057bb743b9c4f8faa604b98, type: 3}
  m_Name: 
  m_EditorClassIdentifier: 
--- !u!1 &6386188865676447526 stripped
GameObject:
  m_CorrespondingSourceObject: {fileID: 1374918788334882, guid: aa610ada334bff640a535f0d23a9a15c,
    type: 3}
  m_PrefabInstance: {fileID: 6387422084326902276}
  m_PrefabAsset: {fileID: 0}
--- !u!1001 &8027834389677250792
PrefabInstance:
  m_ObjectHideFlags: 0
  serializedVersion: 2
  m_Modification:
    m_TransformParent: {fileID: 6243098231911486760}
    m_Modifications:
    - target: {fileID: 4164536749496108893, guid: 755656e7608617b47b5625e4164770a1,
        type: 3}
      propertyPath: m_Name
      value: PositionRig
      objectReference: {fileID: 0}
    - target: {fileID: 4164536749496108895, guid: 755656e7608617b47b5625e4164770a1,
        type: 3}
      propertyPath: m_LocalPosition.x
      value: 0
      objectReference: {fileID: 0}
    - target: {fileID: 4164536749496108895, guid: 755656e7608617b47b5625e4164770a1,
        type: 3}
      propertyPath: m_LocalPosition.y
      value: 0
      objectReference: {fileID: 0}
    - target: {fileID: 4164536749496108895, guid: 755656e7608617b47b5625e4164770a1,
        type: 3}
      propertyPath: m_LocalPosition.z
      value: 0
      objectReference: {fileID: 0}
    - target: {fileID: 4164536749496108895, guid: 755656e7608617b47b5625e4164770a1,
        type: 3}
      propertyPath: m_LocalRotation.x
      value: -0
      objectReference: {fileID: 0}
    - target: {fileID: 4164536749496108895, guid: 755656e7608617b47b5625e4164770a1,
        type: 3}
      propertyPath: m_LocalRotation.y
      value: -0
      objectReference: {fileID: 0}
    - target: {fileID: 4164536749496108895, guid: 755656e7608617b47b5625e4164770a1,
        type: 3}
      propertyPath: m_LocalRotation.z
      value: -0
      objectReference: {fileID: 0}
    - target: {fileID: 4164536749496108895, guid: 755656e7608617b47b5625e4164770a1,
        type: 3}
      propertyPath: m_LocalRotation.w
      value: 1
      objectReference: {fileID: 0}
    - target: {fileID: 4164536749496108895, guid: 755656e7608617b47b5625e4164770a1,
        type: 3}
      propertyPath: m_RootOrder
      value: 0
      objectReference: {fileID: 0}
    - target: {fileID: 4164536749496108895, guid: 755656e7608617b47b5625e4164770a1,
        type: 3}
      propertyPath: m_LocalEulerAnglesHint.x
      value: 0
      objectReference: {fileID: 0}
    - target: {fileID: 4164536749496108895, guid: 755656e7608617b47b5625e4164770a1,
        type: 3}
      propertyPath: m_LocalEulerAnglesHint.y
      value: 0
      objectReference: {fileID: 0}
    - target: {fileID: 4164536749496108895, guid: 755656e7608617b47b5625e4164770a1,
        type: 3}
      propertyPath: m_LocalEulerAnglesHint.z
      value: 0
      objectReference: {fileID: 0}
    m_RemovedComponents: []
  m_SourcePrefab: {fileID: 100100000, guid: 755656e7608617b47b5625e4164770a1, type: 3}
--- !u!4 &6243098233064005559 stripped
Transform:
  m_CorrespondingSourceObject: {fileID: 4164536749496108895, guid: 755656e7608617b47b5625e4164770a1,
    type: 3}
  m_PrefabInstance: {fileID: 8027834389677250792}
  m_PrefabAsset: {fileID: 0}
--- !u!114 &6243098233064005558 stripped
MonoBehaviour:
  m_CorrespondingSourceObject: {fileID: 4164536749496108894, guid: 755656e7608617b47b5625e4164770a1,
    type: 3}
  m_PrefabInstance: {fileID: 8027834389677250792}
  m_PrefabAsset: {fileID: 0}
  m_GameObject: {fileID: 0}
  m_Enabled: 1
  m_EditorHideFlags: 0
  m_Script: {fileID: 11500000, guid: baf47beab95485746ab36de681e2080f, type: 3}
  m_Name: 
  m_EditorClassIdentifier: 
--- !u!1001 &8779071781080465000
PrefabInstance:
  m_ObjectHideFlags: 0
  serializedVersion: 2
  m_Modification:
    m_TransformParent: {fileID: 6243098231911486760}
    m_Modifications:
    - target: {fileID: 3420052388050788226, guid: 4ba03416aca5f874a8bdfbb120a5eeac,
        type: 3}
      propertyPath: m_Name
      value: ScaleRig
      objectReference: {fileID: 0}
    - target: {fileID: 3420052388050788228, guid: 4ba03416aca5f874a8bdfbb120a5eeac,
        type: 3}
      propertyPath: m_LocalPosition.x
      value: 0
      objectReference: {fileID: 0}
    - target: {fileID: 3420052388050788228, guid: 4ba03416aca5f874a8bdfbb120a5eeac,
        type: 3}
      propertyPath: m_LocalPosition.y
      value: 0
      objectReference: {fileID: 0}
    - target: {fileID: 3420052388050788228, guid: 4ba03416aca5f874a8bdfbb120a5eeac,
        type: 3}
      propertyPath: m_LocalPosition.z
      value: 0
      objectReference: {fileID: 0}
    - target: {fileID: 3420052388050788228, guid: 4ba03416aca5f874a8bdfbb120a5eeac,
        type: 3}
      propertyPath: m_LocalRotation.x
      value: -0
      objectReference: {fileID: 0}
    - target: {fileID: 3420052388050788228, guid: 4ba03416aca5f874a8bdfbb120a5eeac,
        type: 3}
      propertyPath: m_LocalRotation.y
      value: -0
      objectReference: {fileID: 0}
    - target: {fileID: 3420052388050788228, guid: 4ba03416aca5f874a8bdfbb120a5eeac,
        type: 3}
      propertyPath: m_LocalRotation.z
      value: -0
      objectReference: {fileID: 0}
    - target: {fileID: 3420052388050788228, guid: 4ba03416aca5f874a8bdfbb120a5eeac,
        type: 3}
      propertyPath: m_LocalRotation.w
      value: 1
      objectReference: {fileID: 0}
    - target: {fileID: 3420052388050788228, guid: 4ba03416aca5f874a8bdfbb120a5eeac,
        type: 3}
      propertyPath: m_RootOrder
      value: 2
      objectReference: {fileID: 0}
    - target: {fileID: 3420052388050788228, guid: 4ba03416aca5f874a8bdfbb120a5eeac,
        type: 3}
      propertyPath: m_LocalEulerAnglesHint.x
      value: 0
      objectReference: {fileID: 0}
    - target: {fileID: 3420052388050788228, guid: 4ba03416aca5f874a8bdfbb120a5eeac,
        type: 3}
      propertyPath: m_LocalEulerAnglesHint.y
      value: 0
      objectReference: {fileID: 0}
    - target: {fileID: 3420052388050788228, guid: 4ba03416aca5f874a8bdfbb120a5eeac,
        type: 3}
      propertyPath: m_LocalEulerAnglesHint.z
      value: 0
      objectReference: {fileID: 0}
    m_RemovedComponents: []
  m_SourcePrefab: {fileID: 100100000, guid: 4ba03416aca5f874a8bdfbb120a5eeac, type: 3}
--- !u!4 &6243098231694860780 stripped
Transform:
  m_CorrespondingSourceObject: {fileID: 3420052388050788228, guid: 4ba03416aca5f874a8bdfbb120a5eeac,
    type: 3}
  m_PrefabInstance: {fileID: 8779071781080465000}
  m_PrefabAsset: {fileID: 0}
--- !u!114 &6243098231694860779 stripped
MonoBehaviour:
  m_CorrespondingSourceObject: {fileID: 3420052388050788227, guid: 4ba03416aca5f874a8bdfbb120a5eeac,
    type: 3}
  m_PrefabInstance: {fileID: 8779071781080465000}
  m_PrefabAsset: {fileID: 0}
  m_GameObject: {fileID: 0}
  m_Enabled: 1
  m_EditorHideFlags: 0
  m_Script: {fileID: 11500000, guid: 466f23897bd5ce54f8467cf5ccfdb8f4, type: 3}
  m_Name: 
  m_EditorClassIdentifier: 
